@misc{DIDDesignGoals,
	title = {{Decentralized Identifiers (DIDs) v1.0}},
	year = {2021},
	month = {Mar},
	note = {[Online; accessed 19. May 2021]},
	url = {https://www.w3.org/TR/did-core/#design-goals}
}

@misc{dif,
	title = {{DIF - Decentralized Identity Foundation}},
	year = {2021},
	month = {May},
	note = {[Online; accessed 19. May 2021]},
	url = {https://identity.foundation}
}